<record><leader>00000cas a22000007a 4500</leader><controlfield tag="001">14368704</controlfield><controlfield tag="008">861009d19621962nvuwr ne      0    0eng d</controlfield><datafield ind1=" " ind2=" " tag="010"><subfield code="a">sn 86076411 </subfield></datafield><datafield ind1=" " ind2=" " tag="040"><subfield code="a">NNX</subfield><subfield code="b">eng</subfield><subfield code="c">NNX</subfield><subfield code="d">OCLCQ</subfield></datafield><datafield ind1=" " ind2=" " tag="042"><subfield code="a">msc</subfield></datafield><datafield ind1="0" ind2="0" tag="245"><subfield code="a">North Las Vegas valley times-news combined with the Overton echo.</subfield></datafield><datafield ind1="1" ind2="3" tag="246"><subfield code="a">Overton echo</subfield></datafield><datafield ind1="1" ind2="3" tag="246"><subfield code="a">Moapa-Virgin valley times</subfield></datafield><datafield ind1="1" ind2="7" tag="246"><subfield code="a">Valley times-news</subfield></datafield><datafield ind1=" " ind2=" " tag="260"><subfield code="a">North Las Vegas, Nev. :</subfield><subfield code="b">A. Yacienda,</subfield><subfield code="c">1962.</subfield></datafield><datafield ind1=" " ind2=" " tag="300"><subfield code="a">1 v. :</subfield><subfield code="b">ill.</subfield></datafield><datafield ind1=" " ind2=" " tag="310"><subfield code="a">Weekly</subfield></datafield><datafield ind1="0" ind2=" " tag="362"><subfield code="a">Vol. 15, no. 39 (Apr. 11, 1962)-v. 15, no. 45 (June 6, 1962).</subfield></datafield><datafield ind1=" " ind2=" " tag="500"><subfield code="a">Added masthead title: Overton echo, Apr. 11, 1962-May 16, 1962; Moapa-Virgin valley times, May 23, 1962-June 6, 1962.</subfield></datafield><datafield ind1=" " ind2=" " tag="752"><subfield code="a">United States</subfield><subfield code="b">Nevada</subfield><subfield code="c">Clark</subfield><subfield code="d">Las Vegas.</subfield></datafield><datafield ind1="0" ind2="0" tag="780"><subfield code="t">North Las Vegas valley times-news</subfield><subfield code="w">(DLC)sn 86076410</subfield><subfield code="w">(OCoLC)14368617</subfield></datafield><datafield ind1="0" ind2="0" tag="785"><subfield code="t">North Las Vegas valley times-news and Moapa-Virgin valley times</subfield><subfield code="w">(DLC)sn 86076412</subfield></datafield></record>